<?xml version="1.0" encoding="UTF-8"?><collection xmlns="http://www.loc.gov/MARC21/slim"><record><leader>00461nam--2200133-i-4500</leader><controlfield tag="001">000038211</controlfield><controlfield tag="002">20161230</controlfield><controlfield tag="005">20161230201041</controlfield><controlfield tag="008">060222s1000------------r-----000-0-eng-d</controlfield><datafield ind1=" " ind2=" " tag="080"><subfield code="a">546.831:546.832:015:543.53:523.5</subfield></datafield><datafield ind1=" " ind2=" " tag="100"><subfield code="a">Rebagay,Teofila Velasco</subfield></datafield><datafield ind1=" " ind2=" " tag="245"><subfield code="a">The determination of zirconium and hafnium in meterites and terrestrial materials by activation analysis. thesis</subfield></datafield><datafield ind1=" " ind2=" " tag="260"><subfield code="a">An Arbor , Michigan, Univ.Microfilms, Inc., 1969. 169 P</subfield></datafield><datafield ind1=" " ind2=" " tag="852"><subfield code="a">37867</subfield></datafield></record></collection>